@online{bubbleSort-geeks,
    author = "GeeksforGeeks",
    title = "Bubble Sort Algorithm",
    url = "https://www.geeksforgeeks.org/bubble-sort/",
    addendum = "(Acessado em: 10/11/2022)"
}

@online{bubbleSort-programiz,
    author = "Programiz",
    title = "Bubble Sort",
    url = "https://www.programiz.com/dsa/bubble-sort",
    addendum = "(Acessado em: 10/11/2022)"
}

@online{selectionSort-geeks,
    author = "GeeksforGeeks",
    title = "Selection Sort Algorithm",
    url = "https://www.geeksforgeeks.org/selection-sort/",
    addendum = "(Acessado em: 10/11/2022)"
}

@online{selectionSort-programiz,
    author = "Selection Sort Algorithm",
    title = "https://www.programiz.com/dsa/selection-sort",
    url = "https://www.programiz.com/dsa/selection-sort",
    addendum = "(Acessado em: 10/11/2022)"
}

@online{insertionSort-geeks,
    author = "GeeksforGeeks",
    title = "Insertion Sort",
    url = "https://www.geeksforgeeks.org/insertion-sort/",
    addendum = "(Acessado em: 10/11/2022)"
}

@online{insertionSort-programiz,
    author = "Programiz",
    title = "Insertion Sort Algorithm",
    url = "https://www.programiz.com/dsa/insertion-sort",
    addendum = "(Acessado em: 21/11/2022)"
}

@online{insertionSort-freeCodeCamp,
    author = "freeCodeCamp",
    title = "Insertion Sort: What it Is, and How it Works",
    url = "https://www.freecodecamp.org/news/insertion-sort-what-it-is-and-how-it-works/",
    addendum = "(Acessado em: 21/11/2022)"
}

@online{mergeSort-geeks,
    author = "GeeksforGeeks",
    title = "Merge Sort Algorithm",
    url = "https://www.geeksforgeeks.org/merge-sort/",
    addendum = "(Acessado em: 21/11/2022)"
}


@online{mergeSort-programiz,
    author = "Programiz",
    title = "Merge Sort Algorithm",
    url = "https://www.programiz.com/dsa/merge-sort",
    addendum = "(Acessado em: 21/11/2022)"
}

@online{mergeSort-khan,
    author = "Khan Academy",
    title = "Merge Sort Algorithm",
    url = "https://www.khanacademy.org/computing/computer-science/algorithms/merge-sort/a/overview-of-merge-sort",
    addendum = "(Acessado em: 21/11/2022)"
}

@online{mergeSort-educba,
    author = "Educba",
    title = "Merge Sort Algorithm",
    url = "https://www.educba.com/merge-sort-algorithm/",
    addendum = "(Acessado em: 21/11/2022)"
}
